<?xml version="1.0" encoding="UTF-8"?><collection xmlns="http://www.loc.gov/MARC21/slim"><record><leader>00572nam--2200193-i-4500</leader><controlfield tag="001">000024045</controlfield><controlfield tag="002">20161230</controlfield><controlfield tag="005">20161230201035</controlfield><controlfield tag="008">060222s1000------------r-----000-0-rum-d</controlfield><datafield ind1=" " ind2=" " tag="040"><subfield code="a">IFIN-HH</subfield></datafield><datafield ind1=" " ind2=" " tag="041"><subfield code="a">rum</subfield></datafield><datafield ind1=" " ind2=" " tag="080"><subfield code="a">531.222</subfield></datafield><datafield ind1="1" ind2=" " tag="100"><subfield code="a">Mangeron, Dumitru</subfield></datafield><datafield ind1="1" ind2="0" tag="245"><subfield code="a">Mecanica rigidelor cu aplicatii in inginerie</subfield><subfield code="b">Vol. III. MECANICA VIBRATIILOR SISTEMELOR DE RIGIDE</subfield><subfield code="c">Dumitru Mangeron, Nicolae Irimiciuc</subfield></datafield><datafield ind1=" " ind2=" " tag="260"><subfield code="a">Bucuresti,Editura Tehnica, 1981</subfield></datafield><datafield ind1=" " ind2=" " tag="300"><subfield code="a">550 p</subfield></datafield><datafield ind1="1" ind2=" " tag="700"><subfield code="a">Irimiciuc, Nicolae</subfield></datafield><datafield ind1=" " ind2=" " tag="852"><subfield code="a">49406</subfield><subfield code="c">531</subfield></datafield><datafield ind1=" " ind2=" " tag="CAT"><subfield code="a">Sys</subfield><subfield code="c">20100630</subfield><subfield code="h">121359</subfield></datafield></record></collection>